@url{ibm603,
	title = {{IBM100 - IBM 603}},
	year = {2012},
	% month = mar,
	publisher = {IBM Corporation},
	note = {[Online; überprüft 23. Jun. 2023]},
	url = {https://www.ibm.com/ibm/history/ibm100/us/en/icons/ibm603}
}
@article{Hestenes1952,
  doi = {10.6028/jres.049.044},
%   url = {https://doi.org/10.6028/jres.049.044},
  year = {1952},
  publisher = {National Institute of Standards and Technology ({NIST})},
  volume = {49},
  number = {6},
  pages = {409},
  author = {Hestenes, Magnus R. and Stiefel, Eduard},
  title = {Methods of conjugate gradients for solving linear systems},
  journal = {Journal of Research of the National Bureau of Standards}
}
@article{Radon1917,
  year = {1917},
  publisher = {Sächsische Akademie der Wissenschaften zu Leipzig},
  volume = {69},
  pages = {262-277},
  author = {Radon, Johann},
  title = {Über die Bestimmung von Funktionen durch ihre Integralwerte längs gewisser Mannigfaltigkeiten},
  journal = {Berichte über die Verhandlungen der Sächsischen Akademie der Wissenschaften zu Leipzig, Mathematisch-Physische Klasse}
}
@article{Hochbruck2002,
	author = {Hochbruck, Marlis and Sautter, Jörg-M.},
	title = {{Mathematik fürs Leben am Beispiel der Computertomographie}},
	journal = {Mathematische Semesterberichte},
	volume = {49},
	pages = {95--113},
	year = {2002},
	publisher = {Springer-Verlag},
	doi = {10.1007/s005910200042}
}
@url{NumPy,
	title = {{NumPy}},
	year = {2023},
	note = {[Online; überprüft 23. Jun. 2023]},
	url = {https://numpy.org}
}
@url{Matplotlib,
	title = {{Matplotlib}},
	year = {2023},
	note = {[Online; überprüft 23. Jun. 2023]},
	url = {https://matplotlib.org}
}
@book{Golub,
	author = {Golub, Gene H. and Van Loan, Charles F.},
	title = {Matrix Computations},
	series = {Johns Hopkins Studies in the Mathematical Sciences},
	edition = 4,
	year = {2012}
}

% @book{NielsenChuang,
% 	author = {Nielsen, Michael A. and Chuang, Isaac L.},
% 	title = {{Quantum Computation and Quantum Information: 10th Anniversary Edition}},
% 	year = {2011},
% 	% publisher = {Cambridge University Press},
% 	address = {Cambridge}
% }
% @book{Homeister,
% 	author = {Homeister, Matthias},
% 	title = {{Quantum Computing verstehen: Grundlagen {\textendash} Anwendungen {\textendash} Perspektiven}},
% 	year = {2018},
% 	% publisher = {Springer Vieweg},
% 	address = {Wiesbaden}
% }
% @article{Meyer1999Feb,
% 	author = {Meyer, David A.},
% 	title = {{Quantum Strategies}},
% 	journal = {Phys. Rev. Lett.},
% 	volume = {82},
% 	number = {5},
% 	pages = {1052--1055},
% 	year = {1999},
% 	% month = feb,
% 	% issn = {1079-7114},
% 	% publisher = {American Physical Society},
% 	doi = {10.1103/PhysRevLett.82.1052}
% }
% @book{SutorDancing,
% 	author = {Sutor, Robert S.},
% 	title = {{Dancing with Qubits: How quantum computing works and how it can change the world}},
% 	year = {2019},
% 	% publisher = {Packt Publishing},
% 	address = {Birmingham}
% }